@string(RED="Review of Economic Dynamics")
@string(QJE="Quarterly Journal of Economics")
@string(JME="Journal of Monetary Economics")
@string(JAE="Journal of Applied Econometrics")
@string(JEDC="Journal of Economic Dynamics and Control")
@string(AER="American Economic Review")
@string(JMCB="Journal of Money, Credit and Banking")
@string(RES="Review of Economics and Statistics");

@unpublished{eh2011,
  author="George Evans and Seppo Honkapohja",
  title="Learning as a Rational Foundation for Macroeconomics and Finance",
  note="Working Paper",
  year=2011
}

@unpublished{perotti2002,
  author="Roberto Perotti", 
  title="Estimating the effects of fiscal policy in OECD countries",
  note="European Central Bank Working Paper No. 168",
  year=2002
}

@article{perotti2007,
  author="Roberto Perotti",
  title="In search of the transmission mechanism of fiscal policy",
  journal="NBER Macroeconomics Annual",
  volume=22,
  year=2007
}

@article{hebous2010,
  author="Shafik Hebous",
  title="The effects of discretionary fiscal policy on macroeconomic aggregates: A reappraisal",
  journal="Journal of Economic Surveys",
  pages="674-707",
  volume=25,
  issue=4,
  year=2010,
}

@article{uhlig2009,
  author="Harold Uhlig",
  title="Some fiscal calculus",
  journal=AER,
  volume=100,
  pages="30-34",
  year=2010
}